@incollection{keele2007guidelines,
	title={Guidelines for performing systematic literature reviews in software engineering},
	author={Keele, Staffs},
	booktitle={Technical report, Ver. 2.3 EBSE Technical Report. EBSE},
	year={2007},
	publisher={sn}
}

@book{chung2012non,
	title={Non-functional requirements in software engineering},
	author={Chung, Lawrence and Nixon, Brian A and Yu, Eric and Mylopoulos, John},
	volume={5},
	year={2012},
	publisher={Springer Science \& Business Media}
}

@inproceedings{yu2006exploring,
	title={Exploring intentional modeling and analysis for enterprise architecture},
	author={Yu, Eric and Strohmaier, Markus and Deng, Xiaoxue},
	booktitle={Enterprise Distributed Object Computing Conference Workshops, 2006. EDOCW'06. 10th IEEE International},
	pages={32--32},
	year={2006},
	organization={IEEE}
}